<?xml version="1.0" encoding="UTF-8"?><collection xmlns="http://www.loc.gov/MARC21/slim"><record><leader>00437nam--2200133-i-4500</leader><controlfield tag="001">000001399</controlfield><controlfield tag="002">20161230</controlfield><controlfield tag="005">20161230201024</controlfield><controlfield tag="008">060222s1000------------r-----000-0-eng-d</controlfield><datafield ind1=" " ind2=" " tag="080"><subfield code="a">681.5(043)</subfield></datafield><datafield ind1=" " ind2=" " tag="100"><subfield code="a">Giurovici, Georgica M</subfield></datafield><datafield ind1=" " ind2=" " tag="245"><subfield code="a">Analiza cinematica si dinamica a mecanismelor prin metode experimentale.teza de doctorat</subfield></datafield><datafield ind1=" " ind2=" " tag="260"><subfield code="a">Bucuresti, Institutul De Fizica Si Tehnologia Materialelor, 1985. 150 P + Anexe</subfield></datafield><datafield ind1=" " ind2=" " tag="852"><subfield code="a">72892</subfield></datafield></record></collection>